<collection xmlns="http://www.loc.gov/MARC21/slim">
<record>
  <leader>02453nam0a22003851i 450 </leader>
  <controlfield tag="001">IT\ICCU\CNCE\050590</controlfield>
  <controlfield tag="005">20071112000000.0</controlfield>
  <datafield tag="012" ind1=" " ind2=" ">
    <subfield code="a">8:I6 S.2. s.am saIt (3) 1550 (R)</subfield>
    <subfield code="2">fei</subfield>
  </datafield>
  <datafield tag="100" ind1=" " ind2=" ">
    <subfield code="a">20000131d1550        0itac0103    ba</subfield>
  </datafield>
  <datafield tag="101" ind1=" " ind2=" ">
    <subfield code="a">LAT</subfield>
  </datafield>
  <datafield tag="102" ind1=" " ind2=" ">
    <subfield code="a">IT</subfield>
  </datafield>
  <datafield tag="200" ind1="1" ind2=" ">
    <subfield code="a">Ritus Magnae Curiae Vicariae regni Neapolis cum expositionibus eximij i.v.d. domini Anibalis Troysij, ciuis Cauensis: per quam vtilibus ac necessarijs, maxime in tribunalibus quibus accedunt apendices Ioannis Michaelis Troysij i.v.d. et Hieronymi de Lambertis. Explicatio etiam nonnullarum copiosissimus per ordinem alphabeti quarucumque materiarum. Ab eodem authore quam diligentissime compilatus</subfield>
  </datafield>
  <datafield tag="210" ind1=" " ind2=" ">
    <subfield code="e">Neapoli</subfield>
    <subfield code="g">impressum apud stationem portis</subfield>
    <subfield code="h">ac proprie in aedibus Lutii Ioannis Scoppae per Franciscum a Fabris Corinaldensem ex agro Piceno</subfield>
    <subfield code="h">1550</subfield>
  </datafield>
  <datafield tag="215" ind1=" " ind2=" ">
    <subfield code="a">\6!, 52 c.</subfield>
    <subfield code="d">fol</subfield>
  </datafield>
  <datafield tag="620" ind1=" " ind2=" ">
    <subfield code="a">IT</subfield>
    <subfield code="d">Napoli</subfield>
  </datafield>
  <datafield tag="710" ind1="0" ind2="2">
    <subfield code="a">Napoli</subfield>
    <subfield code="c"> &lt;Regno&gt;</subfield>
    <subfield code="b"> : Gran Corte della Vicaria</subfield>
    <subfield code="3">IT\ICCU\CNCA\022947</subfield>
  </datafield>
  <datafield tag="702" ind1=" " ind2="1">
    <subfield code="a">Lambertis,</subfield>
    <subfield code="b">Girolamo : de</subfield>
    <subfield code="3">IT\ICCU\CNCA\024388</subfield>
  </datafield>
  <datafield tag="702" ind1=" " ind2="1">
    <subfield code="a">Troisi,</subfield>
    <subfield code="b">Giovanni Michele</subfield>
    <subfield code="3">IT\ICCU\CNCA\024389</subfield>
  </datafield>
  <datafield tag="702" ind1=" " ind2="1">
    <subfield code="a">Troisi,</subfield>
    <subfield code="b">Annibale</subfield>
    <subfield code="3">IT\ICCU\CNCA\002212</subfield>
  </datafield>
  <datafield tag="712" ind1="0" ind2="0">
    <subfield code="a">Fabri, Francesco</subfield>
    <subfield code="3">IT\ICCU\CNCT\001823</subfield>
    <subfield code="4">650</subfield>
  </datafield>
  <datafield tag="791" ind1="0" ind2="2">
    <subfield code="a">Gran Corte della Vicaria</subfield>
    <subfield code="c"> &lt;Napoli, Regno&gt;</subfield>
    <subfield code="3">IT\ICCU\CNCA\022961</subfield>
    <subfield code="z">Napoli &lt;Regno&gt; : Gran Corte della Vicaria</subfield>
  </datafield>
  <datafield tag="791" ind1="0" ind2="2">
    <subfield code="a">Magna Curia Vicariae</subfield>
    <subfield code="c"> &lt;Napoli, Regno&gt;</subfield>
    <subfield code="3">IT\ICCU\CNCA\022963</subfield>
    <subfield code="z">Napoli &lt;Regno&gt; : Gran Corte della Vicaria</subfield>
  </datafield>
  <datafield tag="790" ind1=" " ind2="1">
    <subfield code="a">Lambertis,</subfield>
    <subfield code="b">Hieronymus : de</subfield>
    <subfield code="3">IT\ICCU\CNCA\024667</subfield>
    <subfield code="z">Lambertis, Girolamo : de</subfield>
  </datafield>
  <datafield tag="790" ind1=" " ind2="1">
    <subfield code="a">Troysius,</subfield>
    <subfield code="b">Ioannes Michael</subfield>
    <subfield code="3">IT\ICCU\CNCA\024668</subfield>
    <subfield code="z">Troisi, Giovanni Michele</subfield>
  </datafield>
  <datafield tag="790" ind1=" " ind2="1">
    <subfield code="a">Troysius,</subfield>
    <subfield code="b">Annibal</subfield>
    <subfield code="3">IT\ICCU\CNCA\015060</subfield>
    <subfield code="z">Troisi, Annibale</subfield>
  </datafield>
  <datafield tag="791" ind1="0" ind2="0">
    <subfield code="a">De_Fabris, Francesco</subfield>
    <subfield code="3">IT\ICCU\CNCT\003530</subfield>
    <subfield code="z">Fabri, Francesco</subfield>
  </datafield>
  <datafield tag="791" ind1="0" ind2="0">
    <subfield code="a">Corinaltensis, Franciscus</subfield>
    <subfield code="3">IT\ICCU\CNCT\003786</subfield>
    <subfield code="z">Fabri, Francesco</subfield>
  </datafield>
  <datafield tag="791" ind1="0" ind2="0">
    <subfield code="a">Fabrus, Franciscus</subfield>
    <subfield code="3">IT\ICCU\CNCT\004735</subfield>
    <subfield code="z">Fabri, Francesco</subfield>
  </datafield>
  <datafield tag="791" ind1="0" ind2="0">
    <subfield code="a">Fabris, Franciscus de</subfield>
    <subfield code="3">IT\ICCU\CNCT\004737</subfield>
    <subfield code="z">Fabri, Francesco</subfield>
  </datafield>
  <datafield tag="791" ind1="0" ind2="0">
    <subfield code="a">Fabro, Francesco</subfield>
    <subfield code="3">IT\ICCU\CNCT\004740</subfield>
    <subfield code="z">Fabri, Francesco</subfield>
  </datafield>
  <datafield tag="801" ind1=" " ind2="3">
    <subfield code="a">IT</subfield>
    <subfield code="b">ICCU</subfield>
    <subfield code="c">20201115</subfield>
  </datafield>
  <datafield tag="899" ind1=" " ind2=" ">
    <subfield code="a">Biblioteca statale del Monumento nazionale di Montecassino. Cassino</subfield>
    <subfield code="1">FR0084</subfield>
    <subfield code="2">RML 25</subfield>
  </datafield>
  <datafield tag="899" ind1=" " ind2=" ">
    <subfield code="a">Biblioteca diocesana Cardinal Cesare Baronio. Sora</subfield>
    <subfield code="z">MUTILO</subfield>
    <subfield code="1">FR0104</subfield>
    <subfield code="2">RMS Q5</subfield>
  </datafield>
  <datafield tag="899" ind1=" " ind2=" ">
    <subfield code="a">Biblioteca comunale Mozzi-Borgetti. Macerata</subfield>
    <subfield code="1">MC0049</subfield>
    <subfield code="2">UMC CM</subfield>
  </datafield>
  <datafield tag="899" ind1=" " ind2=" ">
    <subfield code="a">Biblioteca nazionale Vittorio Emanuele III. Napoli</subfield>
    <subfield code="1">NA0079</subfield>
    <subfield code="2">NAP BN</subfield>
  </datafield>
</record>
</collection>
